<?xml version="1.0" encoding="UTF-8"?>
<SOAP-ENV:Envelope xmlns:SOAP-ENV="http://schemas.xmlsoap.org/soap/envelope/" xmlns:of="http://oss.dbc.dk/ns/openformat" xmlns:ofo="http://oss.dbc.dk/ns/openformatoutput"><SOAP-ENV:Body><of:formatResponse><marc:record xmlns:marc="http://www.loc.gov/MARC21/slim"><leader>00000nac a22000000c 4500</leader><controlfield tag="001">870970:27701523</controlfield><controlfield tag="003">DKDLA</controlfield><controlfield tag="005">20091110101410.0</controlfield><controlfield tag="007">ta</controlfield><controlfield tag="008">090408s2009    dk |||||| ||| 00||jeng||</controlfield><datafield ind1="1" ind2=" " tag="100"><subfield code="a">Andersen, H. C.,</subfield><subfield code="d">f. 1805</subfield></datafield><datafield ind1=" " ind2="0" tag="245"><subfield code="a">Fairytales</subfield></datafield><datafield ind1=" " ind2=" " tag="250"><subfield code="a">1. [i.e. new] edition</subfield></datafield><datafield ind1=" " ind2=" " tag="260"><subfield code="b">Carlsen,</subfield><subfield code="c">2009</subfield></datafield><datafield ind1=" " ind2=" " tag="300"><subfield code="a">138 sider</subfield></datafield><datafield ind1="1" ind2=" " tag="700"><subfield code="a">Otto, Svend</subfield></datafield></marc:record></of:formatResponse></SOAP-ENV:Body></SOAP-ENV:Envelope>
